@unpublished{glenn,
  author          = {James Glenn},
  title           = {An Optimal Strategy for Yahtzee},
  year            = {2006}
}

@unpublished{kang,
  author          = {Minhyung Kang and Luca Schroeder},
  title           = {Reinforcement Learning for Solving Yahtzee},
  year            = {2018}
}

@misc{hafner,
  author       = {Dion HÃ¤fner},
  title          = {Learning to play Yahtzee with Advantage Actor-Critic (A2C)},
  howpublished = {\url{https://dionhaefner.github.io/2021/04/yahtzotron-learning-to-play-yahtzee-with-advantage-actor-critic}},
}

@misc{dqn,
  author        = {Adam Paszke and Mark Towers},
  title          = {Reinforcemnt Learning (DQN) Tutorial},
  howpublished = {\url{https://pytorch.org/tutorials/intermediate/reinforcement_q_learning.html}},
}